sbsr2024.bib