@manual{rlanguage,
  title        = {R: A Language and Environment for Statistical
                  Computing},
  author       = {{R Core Team}},
  organization = {R Foundation for Statistical Computing},
  address      = {Vienna, Austria},
  year         = 2022,
  url          = {https://www.R-project.org}
}

@misc{acm2020,
  author= {{Association for Computing Machinery}},
  title = {Artifact Review and Badging},
  publisher= {{Association for Computing Machinery}},
  howpublished = {\url{https://www.acm.org/publications/policies/artifact-review-and-badging-current}},
  note = {Accessed: 2023-09-18},
  year = 2022
}

@misc{cranpolicy,
  author= {{The Comprenhensive R Archive Network}},
  title = {CRAN Repository Policy},
  publisher= {{The R project}},
  howpublished = {\url{https://cran.r-project.org/web/packages/policies.html}},
  note = {Accessed: 2023-09-18},
  year = 2023
}

@book{mataveli2023,
  author = "Mataveli, Guilherme Augusto Verola and Oliveira, Gabriel de and Chaves, Michel Eust{\'a}quio Dantas and Silva, Ricardo Dalagnol da and Wagner, Fabien Hubert and Sanchez Ipia, Alber Hamersson and Silva-Junior, Celso Henrique Leite and Dutra, D{\'e}bora Joana and Arag{\~a}o, Luiz Eduardo Oliveira e Cruz de",
  title = "Determina{\c{c}}{\~a}o de {\'a}reas priorit{\'a}rias para o combate ao desmatamento na Amaz{\^o}nia em 2023",
  publisher = "Instituto Nacional de Pesquisas Espaciais",
  year = "2023",
  address = "S{\~a}o Jos{\'e} dos Campos",
  keywords = "Amaz{\^o}nia, desmatamento, pol{\'{\i}}tica ambiental, fiscaliza{\c{c}}{\~a}o.",
  affiliation = "{Instituto Nacional de Pesquisas Espaciais (INPE)} and {} and {Instituto Nacional de Pesquisas Espaciais (INPE)} and {Instituto Nacional de Pesquisas Espaciais (INPE)} and {Instituto Nacional de Pesquisas Espaciais (INPE)} and {Instituto Nacional de Pesquisas Espaciais (INPE)} and {} and {} and {Instituto Nacional de Pesquisas Espaciais (INPE)}",
  label = "self-archiving-INPE-MCTIC-GOV-BR",
  language = "pt",
  pages = "61",
  ibi = "8JMKD3MGP3W34T/48Q9JEB",
  url = "http://urlib.net/ibi/8JMKD3MGP3W34T/48Q9JEB",
  targetfile = "publicacao.pdf",
  urlaccessdate = "18 set. 2023"
}