@article{aria2017,
  title = {Bibliometrix : {{An R-tool}} for Comprehensive Science Mapping Analysis},
  shorttitle = {Bibliometrix},
  author = {Aria, Massimo and Cuccurullo, Corrado},
  year = {2017},
  month = nov,
  journal = {Journal of Informetrics},
  volume = {11},
  number = {4},
  pages = {959--975},
  issn = {17511577},
  doi = {10.1016/j.joi.2017.08.007},
  urldate = {2023-11-14},
  langid = {english}
}
