@article{aria2017,
  title = {Bibliometrix : {{An R-tool}} for Comprehensive Science Mapping Analysis},
  shorttitle = {Bibliometrix},
  author = {Aria, Massimo and Cuccurullo, Corrado},
  year = {2017},
  month = nov,
  journal = {Journal of Informetrics},
  volume = {11},
  number = {4},
  pages = {959--975},
  issn = {17511577},
  doi = {10.1016/j.joi.2017.08.007},
  urldate = {2023-11-14},
  langid = {english},
  file = {/home/alber/Zotero/storage/6KZBWRHK/Aria and Cuccurullo - 2017 - bibliometrix  An R-tool for comprehensive science.pdf}
}

@article{borner2003,
  title = {Visualizing Knowledge Domains},
  author = {B{\"o}rner, Katy and Chen, Chaomei and Boyack, Kevin W.},
  year = {2003},
  month = jan,
  journal = {Annual Review of Information Science and Technology},
  volume = {37},
  number = {1},
  pages = {179--255},
  issn = {0066-4200, 1550-8382},
  doi = {10.1002/aris.1440370106},
  urldate = {2023-12-21},
  langid = {english}
}

@article{broadus1987,
  title = {Toward a Definition of ``Bibliometrics''},
  author = {Broadus, R. N.},
  year = {1987},
  month = nov,
  journal = {Scientometrics},
  volume = {12},
  number = {5-6},
  pages = {373--379},
  issn = {0138-9130, 1588-2861},
  doi = {10.1007/BF02016680},
  urldate = {2023-12-19},
  langid = {english},
  file = {/home/alber/Zotero/storage/D8Z8ACJ3/Broadus - 1987 - Toward a definition of “bibliometrics”.pdf}
}

@article{cobo2011,
  title = {An Approach for Detecting, Quantifying, and Visualizing the Evolution of a Research Field: {{A}} Practical Application to the {{Fuzzy Sets Theory}} Field},
  shorttitle = {An Approach for Detecting, Quantifying, and Visualizing the Evolution of a Research Field},
  author = {Cobo, M.J. and {L{\'o}pez-Herrera}, A.G. and {Herrera-Viedma}, E. and Herrera, F.},
  year = {2011},
  month = jan,
  journal = {Journal of Informetrics},
  volume = {5},
  number = {1},
  pages = {146--166},
  issn = {17511577},
  doi = {10.1016/j.joi.2010.10.002},
  urldate = {2023-12-27},
  langid = {english},
  file = {/home/alber/Zotero/storage/JN4UWF9C/Cobo et al. - 2011 - An approach for detecting, quantifying, and visual.pdf}
}

@article{donthu2021,
  title = {How to Conduct a Bibliometric Analysis: {{An}} Overview and Guidelines},
  shorttitle = {How to Conduct a Bibliometric Analysis},
  author = {Donthu, Naveen and Kumar, Satish and Mukherjee, Debmalya and Pandey, Nitesh and Lim, Weng Marc},
  year = {2021},
  month = sep,
  journal = {Journal of Business Research},
  volume = {133},
  pages = {285--296},
  issn = {01482963},
  doi = {10.1016/j.jbusres.2021.04.070},
  urldate = {2023-12-11},
  langid = {english},
  file = {/home/alber/Zotero/storage/NNPIHG5P/Donthu et al. - 2021 - How to conduct a bibliometric analysis An overvie.pdf}
}
